% references.bib -- Add your BibTeX entries here

@article{imf2023,
    title={Fiscal Policy and Economic Recovery},
    author={{International Monetary Fund}},
    journal={IMF Working Papers},
    volume={2023},
    number={040},
    year={2023},
    publisher={International Monetary Fund},
    url={https://www.elibrary.imf.org/view/journals/001/2023/040/article-A001-en.xml},
    note={Accessed: September 16, 2025}
}
@article{shephard2023nonparametric,
    title={A Nonparametric Dynamic Causal Model for Macroeconometrics},
    author={Shephard, Neil},
    journal={Harvard University Working Papers},
    year={2023},
    url={https://scholar.harvard.edu/files/shephard/files/causal_model_submit.pdf}
}

@article{heckman2008econometric,
    title={Econometric Causality},
    author={Heckman, James J.},
    journal={National Bureau of Economic Research},
    year={2008},
    url={https://blogs.kent.ac.uk/jonw/files/2015/03/Heckman-08-Econometric-causality.pdf}
}

@misc{econmodel2023,
    title={The Econometric Model for Causal Policy Analysis},
    author={James Heckman, Rodrigo Pinto},
    year={2023},
    url={https://www.ncbi.nlm.nih.gov/pmc/articles/PMC9894266/}
}

@misc{policy2020hal,
    title={Policy Evaluation Using Causal Inference Methods},
    author={Garcia, Ines and colleagues},
    year={2020},
    url={https://hal.science/hal-03098058/document}
}

@article{bareinboim2023fusion,
    title={Causal inference and data fusion in econometrics},
    author={Bareinboim, Elias and Pearl, Judea},
    journal={Econometrics Journal},
    year={2023},
    url={https://academic.oup.com/ectj/article-abstract/28/1/41/7075871}
}

@misc{bankofcanada2023ml,
    title={Machine Learning for Economics Research: When, What and How},
    author={{Bank of Canada}},
    year={2023},
    url={https://www.bankofcanada.ca/2023/10/staff-analytical-note-2023-16/}
}

@misc{sekhansen2023mlpolicy,
    title={Machine Learning for Economics and Policy},
    author={Sekhansen, Alexander},
    year={2023},
    url={https://sekhansen.github.io/pdf_files/funcas_chapter.pdf}
}

@misc{imf2023ai,
    title={AI and Macroeconomic Modeling: Deep Reinforcement Learning in an RBC model},
    author={{International Monetary Fund}},
    year={2023},
    url={https://www.elibrary.imf.org/view/journals/001/2023/040/article-A001-en.xml}
}


